<record><leader>00000cas a22000007a 4500</leader><controlfield tag="001">12719837</controlfield><controlfield tag="008">851025d18581865njuwr ne      0   a0eng  </controlfield><datafield ind1=" " ind2=" " tag="010"><subfield code="a">sn 85036032 </subfield></datafield><datafield ind1=" " ind2=" " tag="040"><subfield code="a">NPA</subfield><subfield code="b">eng</subfield><subfield code="c">NPA</subfield><subfield code="d">NJW</subfield><subfield code="d">OCLCQ</subfield><subfield code="d">DLC</subfield><subfield code="d">HUL</subfield></datafield><datafield ind1="0" ind2=" " tag="022"><subfield code="a">2332-9203</subfield><subfield code="l">2332-9203</subfield><subfield code="2">1</subfield></datafield><datafield ind1=" " ind2=" " tag="042"><subfield code="a">msc</subfield><subfield code="a">nsdp</subfield></datafield><datafield ind1="1" ind2="0" tag="050"><subfield code="a">ISSN RECORD</subfield></datafield><datafield ind1="1" ind2="0" tag="082"><subfield code="a">071</subfield><subfield code="2">23</subfield></datafield><datafield ind1=" " ind2="0" tag="222"><subfield code="a">Weekly State gazette and Republican</subfield><subfield code="b">(Trenton, N.J.)</subfield></datafield><datafield ind1="0" ind2="0" tag="245"><subfield code="a">Weekly State gazette and Republican.</subfield></datafield><datafield ind1="3" ind2="0" tag="246"><subfield code="a">Weekly State gazette &amp; Republican</subfield></datafield><datafield ind1="3" ind2="0" tag="246"><subfield code="a">State gazette weekly and Republican</subfield></datafield><datafield ind1="3" ind2="0" tag="246"><subfield code="a">State gazette weekly &amp; Republican</subfield></datafield><datafield ind1=" " ind2=" " tag="260"><subfield code="a">Trenton, N.J. :</subfield><subfield code="b">J.R. Freese</subfield></datafield><datafield ind1=" " ind2=" " tag="300"><subfield code="a">v. :</subfield><subfield code="b">ill.</subfield></datafield><datafield ind1=" " ind2=" " tag="310"><subfield code="a">Weekly</subfield></datafield><datafield ind1="1" ind2=" " tag="362"><subfield code="a">Began with Jan. 1, 1858 issue; ceased in Oct. 1865.</subfield></datafield><datafield ind1=" " ind2=" " tag="530"><subfield code="a">Also issued on microfilm as part of the Civil War newspapers collection.</subfield></datafield><datafield ind1=" " ind2=" " tag="588"><subfield code="a">Description based on: Vol. 68, no. 12 (Mar. 23, 1860).</subfield></datafield><datafield ind1=" " ind2=" " tag="752"><subfield code="a">United States</subfield><subfield code="b">New Jersey</subfield><subfield code="c">Mercer</subfield><subfield code="d">Trenton.</subfield></datafield><datafield ind1="0" ind2=" " tag="775"><subfield code="t">Daily State gazette and Republican</subfield><subfield code="x">2332-9262</subfield><subfield code="w">(DLC)sn 84020605</subfield><subfield code="w">(OCoLC)11220465</subfield></datafield><datafield ind1="0" ind2=" " tag="775"><subfield code="t">Daily State gazette (Trenton, N.J. : 1863)</subfield><subfield code="x">2332-9254</subfield><subfield code="w">(DLC)sn 84026300</subfield><subfield code="w">(OCoLC)10383633</subfield></datafield><datafield ind1="0" ind2="0" tag="780"><subfield code="t">New-Jersey State gazette (Trenton, N.J. : 1829)</subfield><subfield code="x">2332-919X</subfield><subfield code="w">(DLC)sn 84026297</subfield><subfield code="w">(OCoLC)10376946</subfield></datafield><datafield ind1="0" ind2="0" tag="785"><subfield code="t">Weekly State gazette (Trenton, N.J.)</subfield><subfield code="x">2332-9211</subfield><subfield code="w">(DLC)sn 84026301</subfield><subfield code="w">(OCoLC)10384961</subfield></datafield></record>